Trade_Time,Price_USD,Volume_BTC,Symbol
2025-09-30 01:39:13.932,114552.4,0.003,BTCUSDT
2025-09-30 01:39:14.030,114552.5,0.018,BTCUSDT
2025-09-30 01:39:14.030,114552.5,0.051,BTCUSDT
2025-09-30 01:39:14.192,114552.4,0.004,BTCUSDT
2025-09-30 01:39:14.284,114552.5,0.002,BTCUSDT
2025-09-30 01:39:14.389,114552.4,0.001,BTCUSDT
2025-09-30 01:39:14.602,114552.4,0.008,BTCUSDT
2025-09-30 01:39:14.779,114552.5,0.094,BTCUSDT
2025-09-30 01:39:14.779,114552.5,0.001,BTCUSDT
2025-09-30 01:39:14.779,114552.5,0.177,BTCUSDT
2025-09-30 01:39:14.779,114552.5,0.167,BTCUSDT
2025-09-30 01:39:14.779,114552.5,0.016,BTCUSDT
2025-09-30 01:39:15.033,114552.5,0.142,BTCUSDT
2025-09-30 01:39:15.033,114552.5,0.233,BTCUSDT
2025-09-30 01:39:15.090,114552.5,0.069,BTCUSDT
2025-09-30 01:39:15.312,114552.4,0.001,BTCUSDT
2025-09-30 01:39:15.378,114552.4,0.011,BTCUSDT
2025-09-30 01:39:16.051,114552.5,0.068,BTCUSDT
2025-09-30 01:39:16.203,114552.4,0.013,BTCUSDT
2025-09-30 01:39:16.535,114552.4,0.001,BTCUSDT
2025-09-30 01:39:16.535,114552.4,0.006,BTCUSDT
2025-09-30 01:39:16.596,114552.4,0.005,BTCUSDT
2025-09-30 01:39:16.723,114552.5,0.065,BTCUSDT
2025-09-30 01:39:16.779,114552.5,0.01,BTCUSDT
2025-09-30 01:39:17.031,114552.5,0.013,BTCUSDT
2025-09-30 01:39:17.031,114552.5,0.001,BTCUSDT
2025-09-30 01:39:17.031,114552.5,0.002,BTCUSDT
2025-09-30 01:39:17.031,114552.5,0.071,BTCUSDT
2025-09-30 01:39:17.034,114552.4,0.009,BTCUSDT
2025-09-30 01:39:17.042,114552.5,0.067,BTCUSDT
2025-09-30 01:39:17.070,114552.5,0.364,BTCUSDT
2025-09-30 01:39:17.070,114552.5,0.001,BTCUSDT
2025-09-30 01:39:17.070,114552.5,1.0,BTCUSDT
2025-09-30 01:39:17.070,114552.5,0.003,BTCUSDT
2025-09-30 01:39:17.070,114552.5,0.001,BTCUSDT
2025-09-30 01:39:17.070,114552.5,0.002,BTCUSDT
2025-09-30 01:39:17.070,114552.5,0.007,BTCUSDT
2025-09-30 01:39:17.070,114552.5,0.19,BTCUSDT
2025-09-30 01:39:17.189,114552.4,0.017,BTCUSDT
2025-09-30 01:39:17.740,114552.4,0.082,BTCUSDT
2025-09-30 01:39:17.786,114552.5,0.1,BTCUSDT
2025-09-30 01:39:17.832,114552.4,0.001,BTCUSDT
2025-09-30 01:39:17.978,114552.4,0.004,BTCUSDT
2025-09-30 01:39:17.978,114552.5,0.067,BTCUSDT
2025-09-30 01:39:18.014,114552.5,0.091,BTCUSDT
2025-09-30 01:39:18.014,114552.5,0.33,BTCUSDT
2025-09-30 01:39:18.014,114552.5,0.144,BTCUSDT
2025-09-30 01:39:18.014,114552.5,0.085,BTCUSDT
2025-09-30 01:39:18.014,114552.5,0.002,BTCUSDT
2025-09-30 01:39:18.014,114552.5,0.348,BTCUSDT
2025-09-30 01:39:18.044,114552.5,0.001,BTCUSDT
2025-09-30 01:39:18.044,114552.5,0.002,BTCUSDT
2025-09-30 01:39:18.229,114552.5,0.001,BTCUSDT
2025-09-30 01:39:18.229,114552.5,0.001,BTCUSDT
2025-09-30 01:39:18.229,114552.5,0.028,BTCUSDT
2025-09-30 01:39:18.457,114552.5,0.146,BTCUSDT
2025-09-30 01:39:18.457,114552.5,0.154,BTCUSDT
2025-09-30 01:39:18.473,114552.4,0.02,BTCUSDT
2025-09-30 01:39:19.022,114552.5,0.067,BTCUSDT
2025-09-30 01:39:19.320,114552.4,0.1,BTCUSDT
2025-09-30 01:39:19.528,114552.4,0.001,BTCUSDT
2025-09-30 01:39:19.545,114552.4,0.018,BTCUSDT
2025-09-30 01:39:19.585,114552.5,0.048,BTCUSDT
2025-09-30 01:39:19.990,114552.5,0.066,BTCUSDT
2025-09-30 01:39:20.172,114552.4,0.011,BTCUSDT
2025-09-30 01:39:20.202,114552.4,0.028,BTCUSDT
2025-09-30 01:39:20.561,114552.4,0.007,BTCUSDT
2025-09-30 01:39:20.683,114552.4,0.006,BTCUSDT
2025-09-30 01:39:20.917,114552.5,0.016,BTCUSDT
2025-09-30 01:39:20.958,114552.5,0.04,BTCUSDT
2025-09-30 01:39:21.044,114552.5,0.066,BTCUSDT
2025-09-30 01:39:21.093,114552.4,0.001,BTCUSDT
2025-09-30 01:39:21.096,114552.4,0.01,BTCUSDT
2025-09-30 01:39:21.132,114552.5,0.006,BTCUSDT
2025-09-30 01:39:21.603,114552.4,0.003,BTCUSDT
2025-09-30 01:39:21.722,114552.4,0.004,BTCUSDT
2025-09-30 01:39:21.728,114552.4,0.002,BTCUSDT
2025-09-30 01:39:21.814,114552.4,0.01,BTCUSDT
2025-09-30 01:39:21.894,114552.4,0.012,BTCUSDT
2025-09-30 01:39:22.125,114552.4,0.008,BTCUSDT
2025-09-30 01:39:22.152,114552.5,0.065,BTCUSDT
2025-09-30 01:39:22.239,114552.5,0.012,BTCUSDT
2025-09-30 01:39:22.276,114552.4,0.001,BTCUSDT
2025-09-30 01:39:22.281,114552.4,0.005,BTCUSDT
2025-09-30 01:39:22.300,114552.5,0.003,BTCUSDT
2025-09-30 01:39:22.475,114552.4,0.002,BTCUSDT
2025-09-30 01:39:22.476,114552.5,0.01,BTCUSDT
2025-09-30 01:39:22.550,114552.4,0.5,BTCUSDT
2025-09-30 01:39:22.653,114552.5,0.078,BTCUSDT
2025-09-30 01:39:22.653,114552.5,0.171,BTCUSDT
2025-09-30 01:39:23.174,114552.5,0.065,BTCUSDT
2025-09-30 01:39:23.444,114552.5,0.156,BTCUSDT
2025-09-30 01:39:23.540,114552.5,0.003,BTCUSDT
2025-09-30 01:39:23.561,114552.5,0.001,BTCUSDT
2025-09-30 01:39:23.643,114552.4,0.09,BTCUSDT
2025-09-30 01:39:23.921,114552.5,0.252,BTCUSDT
2025-09-30 01:39:23.921,114552.5,0.148,BTCUSDT
2025-09-30 01:39:24.115,114552.4,0.001,BTCUSDT
2025-09-30 01:39:24.187,114552.4,0.001,BTCUSDT
2025-09-30 01:39:24.211,114552.5,0.064,BTCUSDT
2025-09-30 01:39:24.272,114552.5,0.002,BTCUSDT
2025-09-30 01:39:24.603,114552.4,0.026,BTCUSDT
2025-09-30 01:39:24.682,114552.5,0.005,BTCUSDT
2025-09-30 01:39:24.953,114552.5,0.001,BTCUSDT
2025-09-30 01:39:25.190,114552.4,0.001,BTCUSDT
2025-09-30 01:39:25.296,114552.5,0.057,BTCUSDT
2025-09-30 01:39:25.296,114552.5,0.007,BTCUSDT
2025-09-30 01:39:25.589,114552.4,0.188,BTCUSDT
2025-09-30 01:39:26.345,114552.4,0.087,BTCUSDT
2025-09-30 01:39:26.512,114552.5,0.01,BTCUSDT
2025-09-30 01:39:26.521,114552.5,0.064,BTCUSDT
2025-09-30 01:39:26.531,114552.5,0.002,BTCUSDT
2025-09-30 01:39:26.733,114552.4,0.001,BTCUSDT
2025-09-30 01:39:26.914,114552.4,0.03,BTCUSDT
2025-09-30 01:39:27.104,114552.5,0.011,BTCUSDT
2025-09-30 01:39:27.159,114552.5,0.001,BTCUSDT
2025-09-30 01:39:27.480,114552.5,0.064,BTCUSDT
